

@misc{playwright_best_practices,
  author       = {Microsoft},
  title        = {Playwright Best Practices},
  year         = 2024,
  url          = {https://playwright.dev/docs/best-practices},
  note         = {Accessed: 2024-05-17}
}